@article{mealli2016identification,
  title={Identification of principal causal effects using additional outcomes in concentration graphs},
  author={Mealli, Fabrizia and Pacini, Barbara and Stanghellini, Elena},
  journal={Journal of Educational and Behavioral Statistics},
  volume={41},
  number={5},
  pages={463--480},
  year={2016},
  publisher={SAGE Publications Sage CA: Los Angeles, CA}
}


@article{pearl2011principal,
  title={Principal stratification--a goal or a tool?},
  author={Pearl, Judea},
  journal={The international journal of biostatistics},
  volume={7},
  number={1},
  pages={1--13},
  year={2011},
  publisher={De Gruyter}
}

@article{leon2005mixed,
  title={A mixed-effects quintile-stratified propensity adjustment for effectiveness analyses of ordered categorical doses},
  author={Leon, Andrew C and Hedeker, Donald},
  journal={Statistics in medicine},
  volume={24},
  number={4},
  pages={647--658},
  year={2005},
  publisher={Wiley Online Library}
}


@article{lopez2017estimation,
  title={Estimation of causal effects with multiple treatments: a review and new ideas},
  author={Lopez, Michael J and Gutman, Roee and others},
  journal={Statistical Science},
  volume={32},
  number={3},
  pages={432--454},
  year={2017},
  publisher={Institute of Mathematical Statistics}
}


@article{hirano2004propensity,
  title={The propensity score with continuous treatments},
  author={Hirano, Keisuke and Imbens, Guido W},
  journal={Applied Bayesian modeling and causal inference from incomplete-data perspectives},
  volume={226164},
  pages={73--84},
  year={2004}
}

@article{cook2008three,
  title={Three conditions under which experiments and observational studies produce comparable causal estimates: New findings from within-study comparisons},
  author={Cook, Thomas D and Shadish, William R and Wong, Vivian C},
  journal={Journal of Policy Analysis and Management: The Journal of the Association for Public Policy Analysis and Management},
  volume={27},
  number={4},
  pages={724--750},
  year={2008},
  publisher={Wiley Online Library}
}

@article{cook2009bias,
  title={How bias reduction is affected by covariate choice, unreliability, and mode of data analysis: Results from two types of within-study comparisons},
  author={Cook, Thomas D and Steiner, Peter M and Pohl, Steffi},
  journal={Multivariate Behavioral Research},
  volume={44},
  number={6},
  pages={828--847},
  year={2009},
  publisher={Taylor \& Francis}
}


@article{jo2008causal,
  title={Causal inference in randomized experiments with mediational processes.},
  author={Jo, Booil},
  journal={Psychological Methods},
  volume={13},
  number={4},
  pages={314},
  year={2008},
  publisher={American Psychological Association}
}


@article{vanderweele2008simple,
  title={Simple relations between principal stratification and direct and indirect effects},
  author={VanderWeele, Tyler J},
  journal={Statistics \& Probability Letters},
  volume={78},
  number={17},
  pages={2957--2962},
  year={2008},
  publisher={Elsevier}
}

@article{mealli2012refreshing,
  title={A refreshing account of principal stratification},
  author={Mealli, Fabrizia and Mattei, Alessandra},
  journal={The international journal of biostatistics},
  volume={8},
  number={1},
  year={2012},
  publisher={De Gruyter}
}

@article{vanderweele2012comments,
  title={Comments: Should principal stratification be used to study mediational processes?},
  author={VanderWeele, Tyler J},
  journal={Journal of research on educational effectiveness},
  volume={5},
  number={3},
  pages={245--249},
  year={2012},
  publisher={Taylor \& Francis}
}

@article{rubin2004direct,
  title={Direct and indirect causal effects via potential outcomes},
  author={Rubin, Donald B},
  journal={Scandinavian Journal of Statistics},
  volume={31},
  number={2},
  pages={161--170},
  year={2004},
  publisher={Wiley Online Library}
}

@article{imai2011commentary,
  title={Commentary: Using potential outcomes to understand causal mediation analysis},
  author={Imai, Kosuke and Jo, Booil and Stuart, Elizabeth A},
  journal={Multivariate Behavioral Research},
  volume={46},
  number={5},
  pages={861--873},
  year={2011},
  publisher={Taylor \& Francis}
}

@article{vanderweele2011principal,
  title={Principal stratification--uses and limitations},
  author={VanderWeele, Tyler J},
  journal={The international journal of biostatistics},
  volume={7},
  number={1},
  pages={1--14},
  year={2011},
  publisher={De Gruyter}
}

@article{li2017identifiability,
  title={Identifiability and estimation of causal mediation effects with missing data},
  author={Li, Wei and Zhou, Xiao-Hua},
  journal={Statistics in medicine},
  volume={36},
  number={25},
  pages={3948--3965},
  year={2017},
  publisher={Wiley Online Library}
}

@article{renkl1998learning,
  title={Learning from worked-out examples: The effects of example variability and elicited self-explanations},
  author={Renkl, Alexander and Stark, Robin and Gruber, Hans and Mandl, Heinz},
  journal={Contemporary educational psychology},
  volume={23},
  number={1},
  pages={90--108},
  year={1998},
  publisher={Elsevier}
}

@article{paas1994variability,
  title={Variability of worked examples and transfer of geometrical problem-solving skills: A cognitive-load approach.},
  author={Paas, Fred GWC and Van Merri{\"e}nboer, Jeroen JG},
  journal={Journal of educational psychology},
  volume={86},
  number={1},
  pages={122},
  year={1994},
  publisher={American Psychological Association}
}

@inproceedings{beck2008does,
  title={Does help help? Introducing the Bayesian Evaluation and Assessment methodology},
  author={Beck, Joseph E and Chang, Kai-min and Mostow, Jack and Corbett, Albert},
  booktitle={International Conference on Intelligent Tutoring Systems},
  pages={383--394},
  year={2008},
  organization={Springer}
}

@unpublished{psTutorial,
  title={Principal Stratification for Intelligent Tutors: A Tutorial},
  author={Sales, Adam C and Pane, John F},
  url={https://github.com/adamSales/tutorial/blob/master/paper.pdf},
  year={2019}
}

@article{mckendree1990effective,
  title={Effective feedback content for tutoring complex skills},
  author={McKendree, Jean},
  journal={Human-computer interaction},
  volume={5},
  number={4},
  pages={381--413},
  year={1990},
  publisher={L. Erlbaum Associates Inc.}
}


@article{koedinger2007exploring,
  title={Exploring the assistance dilemma in experiments with cognitive tutors},
  author={Koedinger, Kenneth R and Aleven, Vincent},
  journal={Educational Psychology Review},
  volume={19},
  number={3},
  pages={239--264},
  year={2007},
  publisher={Springer}
}

@article{schochet2015statistical,
  title={Statistical theory for the RCT-YES software: Design-based causal inference for RCTs},
  author={Schochet, Peter Z and others},
  journal={Princeton, NJ: Mathematica Policy Research},
  year={2015}
}

@article{koedinger1993effective,
  title={Effective use of intelligent software in high school math classrooms},
  author={Koedinger, Kenneth R and Anderson, John R},
  year={1993},
  publisher={Association for the Advancement of Computing in Education}
}

@inproceedings{corbett2000instructional,
  title={Instructional interventions in computer-based tutoring: differential impact on learning time and accuracy},
  author={Corbett, Albert and Trask, Holly},
  booktitle={Proceedings of the SIGCHI conference on human factors in computing systems},
  pages={97--104},
  year={2000},
  organization={ACM}
}

@Article{sandwichPackage,
  title = {Econometric Computing with HC and HAC Covariance Matrix Estimators},
  author = {Achim Zeileis},
  journal = {Journal of Statistical Software},
  year = {2004},
  volume = {11},
  number = {10},
  pages = {1--17},
  url = {http://www.jstatsoft.org/v11/i10/},
}

@article{biasAdjust,
  title={Bias-corrected matching estimators for average treatment effects},
  author={Abadie, Alberto and Imbens, Guido W},
  journal={Journal of Business \& Economic Statistics},
  year={2012},
  publisher={Taylor \& Francis}
}

@Manual{bayesplot,
    title = {bayesplot: Plotting for Bayesian Models},
    author = {Jonah Gabry},
    year = {2016},
    note = {R package version 1.1.0},
    url = {https://CRAN.R-project.org/package=bayesplot},
  }


@misc{powerTransStan,
  author={Fraser, Raphael and Carpenter, Bob},
  title = {User written Box-Cox type transformation function.},
  howpublished = {\url{http://discourse.mc-stan.org/t/user-written-box-cox-type-transformation-function/1966/5}},
  note = {Accessed: 2018-03-12},
  year = {2017}
}

@article{rubin1984bayesianly,
  title={Bayesianly justifiable and relevant frequency calculations for the applied statistician},
  author={Rubin, Donald B and others},
  journal={The Annals of Statistics},
  volume={12},
  number={4},
  pages={1151--1172},
  year={1984},
  publisher={Institute of Mathematical Statistics}
}

@article{levy2009posterior,
  title={Posterior predictive model checking for multidimensionality in item response theory},
  author={Levy, Roy and Mislevy, Robert J and Sinharay, Sandip},
  journal={Applied Psychological Measurement},
  volume={33},
  number={7},
  pages={519--537},
  year={2009},
  publisher={Sage Publications Sage CA: Los Angeles, CA}
}
@article{zhu2011assessing,
  title={Assessing fit of unidimensional graded response models using Bayesian methods},
  author={Zhu, Xiaowen and Stone, Clement A},
  journal={Journal of Educational Measurement},
  volume={48},
  number={1},
  pages={81--97},
  year={2011},
  publisher={Wiley Online Library}
}
@article{yen1993scaling,
  title={Scaling performance assessments: Strategies for managing local item dependence},
  author={Yen, Wendy M},
  journal={Journal of educational measurement},
  volume={30},
  number={3},
  pages={187--213},
  year={1993},
  publisher={Wiley Online Library}
}

@article{gelman1996posterior,
  title={Posterior predictive assessment of model fitness via realized discrepancies},
  author={Gelman, Andrew and Meng, Xiao-Li and Stern, Hal},
  journal={Statistica sinica},
  pages={733--760},
  year={1996},
  publisher={JSTOR}
}

@article{sterne2009multiple,
  title={Multiple imputation for missing data in epidemiological and clinical research: potential and pitfalls},
  author={Sterne, Jonathan AC and White, Ian R and Carlin, John B and Spratt, Michael and Royston, Patrick and Kenward, Michael G and Wood, Angela M and Carpenter, James R},
  journal={Bmj},
  volume={338},
  pages={b2393},
  year={2009},
  publisher={British Medical Journal Publishing Group}
}

@article{richardson2011transparent,
  title={Transparent parameterizations of models for potential outcomes},
  author={Richardson, Thomas S and Evans, Robin J and Robins, James M},
  journal={Bayesian Statistics},
  volume={9},
  pages={569--610},
  year={2011},
  publisher={Oxford University Press New York}
}

@misc{descriptivePaper,
Author = {Anita Israni and Adam C Sales and John F Pane},
Title = {Mastery Learning in Practice: A (Mostly) Descriptive Analysis of Log Data from the Cognitive Tutor Algebra I Effectiveness Trial},
Year = {2018},
Eprint = {arXiv:1802.08616},
}

@article{neyman,
  title={Sur les applications de la th{\'e}orie des probabilit{\'e}s aux experiences agricoles: Essai des principes},
  author={Neyman, Jersey},
  journal={Roczniki Nauk Rolniczych},
  volume={10},
  pages={1--51},
  year={1923}
}

@inproceedings{sales2016student,
  title={Student Usage Predicts Treatment Effect Heterogeneity in the Cognitive Tutor Algebra I Program.},
  author={Sales, Adam and Wilks, Asa and Pane, John},
  booktitle={Proceedings of the 9th International Conference on Educational Data Mining. International Educational Data Mining Society},
  pages={207--214},
  year={2016}
}

@article{rubin,
  title={Bayesian inference for causal effects: The role of randomization},
  author={Rubin, Donald B},
  journal={The Annals of statistics},
  pages={34--58},
  year={1978},
  publisher={JSTOR}
}

@article{RCM,
  title={Causal inference using potential outcomes: Design, modeling, decisions},
  author={Rubin, Donald B},
  journal={Journal of the American Statistical Association},
  volume={100},
  number={469},
  pages={322--331},
  year={2005},
  publisher={Taylor \& Francis}
}

@article{sutva,
  title={Discussion of ``Randomization analysis of experimental data: The Fisher randomization test''},
  author={Rubin, Donald B},
  journal={Journal of the American Statistical Association},
  volume={75},
  number={371},
  pages={591--593},
  year={1980},
  publisher={JSTOR}
}

@incollection{hansen2009b,
	Author = {Hansen, Ben B.},
	Booktitle = {Looking Back: Proceedings of a Conference in Honor of Paul W. Holland},
	Chapter = 9,
	Editor = {Dorans, Neil and Sinharay, Sandip},
	Pages = {149--181},
	Publisher = {Springer},
	Title = {Propensity score matching to extract latent experiments from nonexperimental data: A case study},
	Year = {2011}}

@article{ho:etal:2007,
	Author = {Ho, Daniel E. and Imai, Kosuke and King, Gary and Stuart, Elizabeth A.},
	Journal = {Political Analysis},
	Local-Url = {/Users/bbh/Library/aclit/hoetal2004.pdf},
	Pages = {199--236},
	Title = {Matching as Nonparametric Preprocessing for Reducing Model Dependence in Parametric Causal Inference},
	Url = {http://gking.harvard.edu/files/matchp.pdf},
	Volume = {15},
	Year = {2007},
	Bdsk-Url-1 = {http://gking.harvard.edu/files/matchp.pdf}}


@article{holland86,
  title={Statistics and causal inference},
  author={Holland, Paul W},
  journal={Journal of the American statistical Association},
  volume={81},
  number={396},
  pages={945--960},
  year={1986},
  publisher={Taylor \& Francis}
}

@article{AIR,
  title={Identification of causal effects using instrumental variables},
  author={Angrist, Joshua D and Imbens, Guido W and Rubin, Donald B},
  journal={Journal of the American statistical Association},
  volume={91},
  number={434},
  pages={444--455},
  year={1996},
  publisher={Taylor \& Francis}
}

@article{IR,
  title={Bayesian inference for causal effects in randomized experiments with noncompliance},
  author={Imbens, Guido W and Rubin, Donald B},
  journal={The Annals of Statistics},
  pages={305--327},
  year={1997},
  publisher={JSTOR}
}

@article{bounding,
  title={Bounding, an accessible method for estimating principal causal effects, examined and explained},
  author={Miratrix, Luke and Furey, Jane and Feller, Avi and Grindal, Todd and Page, Lindsay C},
  journal={Journal of Research on Educational Effectiveness},
  pages={1--30},
  year={2017},
  publisher={Taylor \& Francis}
}

@article{rubin8schools,
  title={Estimation in parallel randomized experiments},
  author={Rubin, Donald B},
  journal={Journal of Educational Statistics},
  volume={6},
  number={4},
  pages={377--401},
  year={1981},
  publisher={Sage Publications Sage CA: Thousand Oaks, CA}
}

@article{frangakis,
  title={Principal stratification in causal inference},
  author={Frangakis, Constantine E and Rubin, Donald B},
  journal={Biometrics},
  volume={58},
  number={1},
  pages={21--29},
  year={2002},
  publisher={Wiley Online Library}
}

@article{nolen,
  title={Randomization-based inference within principal strata},
  author={Nolen, Tracy L and Hudgens, Michael G},
  journal={Journal of the American Statistical Association},
  volume={106},
  number={494},
  pages={581--593},
  year={2011},
  publisher={Taylor \& Francis}
}

@article{feller2016compared,
  title={Compared to what? Variation in the impacts of early childhood education by alternative care type},
  author={Feller, Avi and Grindal, Todd and Miratrix, Luke and Page, Lindsay C and others},
  journal={The Annals of Applied Statistics},
  volume={10},
  number={3},
  pages={1245--1285},
  year={2016},
  publisher={Institute of Mathematical Statistics}
}


@article{aoas,
  title={The role of mastery learning in an intelligent tutoring system: Principal stratification on a latent variable},
  author={Sales, Adam C and Pane, John F and others},
  journal={The Annals of Applied Statistics},
  volume={13},
  number={1},
  pages={420--443},
  year={2019},
  publisher={Institute of Mathematical Statistics}
}

@techreport{escueta2017education,
  title={Education technology: an evidence-based review},
  author={Escueta, Maya and Quan, Vincent and Nickow, Andre Joshua and Oreopoulos, Philip},
  year={2017},
  institution={National Bureau of Economic Research}
}

@article{hansen2004,
  title={Full matching in an observational study of coaching for the SAT},
  author={Hansen, Ben B},
  journal={Journal of the American Statistical Association},
  volume={99},
  number={467},
  pages={609--618},
  year={2004},
  publisher={Taylor \& Francis}
}

@article{hhh,
  title={The sensitivity of linear regression coefficients’ confidence limits to the omission of a confounder},
  author={Hosman, Carrie A and Hansen, Ben B and Holland, Paul W and others},
  journal={The Annals of Applied Statistics},
  volume={4},
  number={2},
  pages={849--870},
  year={2010},
  publisher={Institute of Mathematical Statistics}
}

@book{rosenbaum2002observational,
	Author = {Rosenbaum, P.R.},
	Publisher = {Springer},
	Title = {Observational studies},
	Year = {2002}}

@article{rosenbaum2002covariance,
  title={Covariance adjustment in randomized experiments and observational studies},
  author={Rosenbaum, Paul R and others},
  journal={Statistical Science},
  volume={17},
  number={3},
  pages={286--327},
  year={2002},
  publisher={Institute of Mathematical Statistics}
}


@article{mattei2013exploiting,
  title={Exploiting multiple outcomes in Bayesian principal stratification analysis with application to the evaluation of a job training program},
  author={Mattei, Alessandra and Li, Fan and Mealli, Fabrizia and others},
  journal={The Annals of Applied Statistics},
  volume={7},
  number={4},
  pages={2336--2360},
  year={2013},
  publisher={Institute of Mathematical Statistics}
}

@article{efronMorris,
  title={Stein's estimation rule and its competitors—an empirical Bayes approach},
  author={Efron, Bradley and Morris, Carl},
  journal={Journal of the American Statistical Association},
  volume={68},
  number={341},
  pages={117--130},
  year={1973},
  publisher={Taylor \& Francis Group}
}

@article{rosenbaum1983central,
  Author = {Rosenbaum, P.R. and Rubin, D.B.},
	Journal = {Biometrika},
	Number = {1},
	Pages = {41--55},
	Publisher = {Biometrika Trust},
	Title = {The central role of the propensity score in observational studies for causal effects},
	Volume = {70},
	Year = {1983}}

@article{li2015evaluating,
  title={Evaluating the causal effect of university grants on student dropout: evidence from a regression discontinuity design using principal stratification},
  author={Li, Fan and Mattei, Alessandra and Mealli, Fabrizia and others},
  journal={The Annals of Applied Statistics},
  volume={9},
  number={4},
  pages={1906--1931},
  year={2015},
  publisher={Institute of Mathematical Statistics}
}

@article{page2012principal,
  title={Principal stratification as a framework for investigating mediational processes in experimental settings},
  author={Page, Lindsay C},
  journal={Journal of Research on Educational Effectiveness},
  volume={5},
  number={3},
  pages={215--244},
  year={2012},
  publisher={Taylor \& Francis}
}

@article{feller2016principal,
  title={Principal stratification in the Twilight Zone: Weakly separated components in finite mixture models},
  author={Feller, Avi and Greif, Evan and Miratrix, Luke and Pillai, Natesh},
  journal={arXiv preprint arXiv:1602.06595},
  year={2016}
}

@article{griffin2008application,
  title={An application of principal stratification to control for institutionalization at follow-up in studies of substance abuse treatment programs},
  author={Griffin, Beth Ann and McCaffery, Daniel F and Morral, Andrew R},
  journal={The annals of applied statistics},
  volume={2},
  number={3},
  pages={1034},
  year={2008},
  publisher={NIH Public Access}
}

@book{gelman2014bayesian,
  title={Bayesian data analysis},
  author={Gelman, Andrew and Carlin, John B and Stern, Hal S and Dunson, David B and Vehtari, Aki and Rubin, Donald B},
  volume={2},
  year={2014},
  publisher={CRC press Boca Raton, FL}
}

@book{mcelreath2020statistical,
  title={Statistical rethinking: A Bayesian course with examples in R and Stan},
  author={McElreath, Richard},
  year={2020},
  publisher={CRC press}
}


@article{gilbertHudgens,
  title={Evaluating candidate principal surrogate endpoints},
  author={Gilbert, Peter B and Hudgens, Michael G},
  journal={Biometrics},
  volume={64},
  number={4},
  pages={1146--1154},
  year={2008},
  publisher={Wiley Online Library}
}

@article{pavlik2009performance,
  title={Performance Factors Analysis--A New Alternative to Knowledge Tracing},
  author={Pavlik Jr, Philip I and Cen, Hao and Koedinger, Kenneth R},
  journal={Proceedings of the 2009 conference on Artificial Intelligence in Education},
  year={2009},
  publisher={ERIC},
  pages={531–-538}
}

@article{steveFaied2020,
  title={Towards Practical Detection of Unproductive Struggle},
  author={Fancsali, S.E., Holstein, K., Sandbothe, M., Ritter, S., McLaren, B.M., Aleven, V.},
  journal={Proceedings of the 21st International Conference on Artificial Intelligence in Education},
  year={2020},
  publisher={Lecture Notes in Computer Science (LNCS). Springer Nature}
}



@article{goldin2012learner,
  title={Learner Differences in Hint Processing.},
  author={Goldin, Ilya M and Koedinger, Kenneth R and Aleven, Vincent},
  journal={International Educational Data Mining Society},
  year={2012},
  publisher={ERIC}
}


@article{pearl,
  title={Principal stratification--a goal or a tool?},
  author={Pearl, Judea},
  journal={The International Journal of Biostatistics},
  volume={7},
  number={1},
  pages={1--13},
  year={2011}
}

@book{vanderweele2015explanation,
  title={Explanation in causal inference: methods for mediation and interaction},
  author={VanderWeele, Tyler},
  year={2015},
  publisher={Oxford University Press}
}

@article{vanderweele2011principal,
  title={Principal stratification--uses and limitations},
  author={VanderWeele, Tyler J},
  journal={The international journal of biostatistics},
  volume={7},
  number={1},
  pages={1--14},
  year={2011}
}

@book{anderson2013architecture,
  title={The architecture of cognition},
  author={Anderson, John R},
  year={2013},
  publisher={Psychology Press}
}

@article{pane2014effectiveness,
  title={Effectiveness of cognitive tutor algebra I at scale},
  author={Pane, John F and Griffin, Beth Ann and McCaffrey, Daniel F and Karam, Rita},
  journal={Educational Evaluation and Policy Analysis},
  volume={36},
  number={2},
  pages={127--144},
  year={2014},
  publisher={SAGE Publications Sage CA: Los Angeles, CA}
}

@book{raudenbush2002hierarchical,
  title={Hierarchical linear models: Applications and data analysis methods},
  author={Raudenbush, Stephen W and Bryk, Anthony S},
  volume={1},
  year={2002},
  publisher={Sage}
}

@article{sweller1985use,
  title={The use of worked examples as a substitute for problem solving in learning algebra},
  author={Sweller, John and Cooper, Graham A},
  journal={Cognition and instruction},
  volume={2},
  number={1},
  pages={59--89},
  year={1985},
  publisher={Taylor \& Francis}
}

@article{koedinger2012knowledge,
  title={The Knowledge-Learning-Instruction framework: Bridging the science-practice chasm to enhance robust student learning},
  author={Koedinger, Kenneth R and Corbett, Albert T and Perfetti, Charles},
  journal={Cognitive science},
  volume={36},
  number={5},
  pages={757--798},
  year={2012},
  publisher={Wiley Online Library}
}

@article{aleven2016help,
  title={Help helps, but only so much: Research on help seeking with intelligent tutoring systems},
  author={Aleven, Vincent and Roll, Ido and McLaren, Bruce M and Koedinger, Kenneth R},
  journal={International Journal of Artificial Intelligence in Education},
  volume={26},
  number={1},
  pages={205--223},
  year={2016},
  publisher={Springer}
}

@article{anderson1995cognitive,
  title={Cognitive tutors: Lessons learned},
  author={Anderson, John R and Corbett, Albert T and Koedinger, Kenneth R and Pelletier, Ray},
  journal={The journal of the learning sciences},
  volume={4},
  number={2},
  pages={167--207},
  year={1995},
  publisher={Taylor \& Francis}
}

@Book{mgcv,
  title = {Generalized Additive Models: An Introduction with R},
  year = {2017},
  author = {S.N Wood},
  edition = {2},
  publisher = {Chapman and Hall/CRC},
}


@inproceedings{wheelSpinning,
  title={Wheel-spinning: Students who fail to master a skill},
  author={Beck, Joseph E and Gong, Yue},
  booktitle={International Conference on Artificial Intelligence in Education},
  pages={431--440},
  year={2013},
  organization={Springer}
}

@book{embretson2013item,
  title={Item response theory for psychologists},
  author={Embretson, Susan E and Reise, Steven P},
  year={2013},
  publisher={Psychology Press}
}

@book{irtHandbook,
  title={Handbook of modern item response theory},
  author={van der Linden, Wim J and Hambleton, Ronald K},
  year={2013},
  publisher={Springer Science \& Business Media}
}

@book{rasch,
  title={Probabilistic models for some intelligence and attainment tests.},
  author={Rasch, Georg},
  year={1993},
  publisher={ERIC}
}

@book{de2013explanatory,
  title={Explanatory item response models: A generalized linear and nonlinear approach},
  author={De Boeck, Paul and Wilson, Mark},
  year={2013},
  publisher={Springer Science \& Business Media}
}

@Manual{jags,
    title = {rjags: Bayesian Graphical Models using MCMC},
    author = {Martyn Plummer},
    year = {2016},
    note = {R package version 4-6},
    url = {https://CRAN.R-project.org/package=rjags},
  }
@Manual{rcite,
    title = {R: A Language and Environment for Statistical Computing},
    author = {{R Core Team}},
    organization = {R Foundation for Statistical Computing},
    address = {Vienna, Austria},
    year = {2016},
    url = {https://www.R-project.org/},
  }

@book{hong2015causality,
  title={Causality in a social world: Moderation, mediation and spill-over},
  author={Hong, Guanglei},
  year={2015},
  publisher={John Wiley \& Sons}
}

@Manual{r2jags,
    title = {R2jags: Using R to Run 'JAGS'},
    author = {Yu-Sung Su and Masanao Yajima},
    year = {2015},
    note = {R package version 0.5-7},
    url = {https://CRAN.R-project.org/package=R2jags},
  }

@article{imai2011unpacking,
  title={Unpacking the black box of causality: Learning about causal mechanisms from experimental and observational studies},
  author={Imai, Kosuke and Keele, Luke and Tingley, Dustin and Yamamoto, Teppei},
  journal={American Political Science Review},
  volume={105},
  number={4},
  pages={765--789},
  year={2011},
  publisher={Cambridge University Press}
}

@article{gelmanRubin,
  title={Inference from iterative simulation using multiple sequences},
  author={Gelman, Andrew and Rubin, Donald B},
  journal={Statistical science},
  pages={457--472},
  year={1992},
  publisher={JSTOR}
}

@Book{ggplot2,
    author = {Hadley Wickham},
    title = {ggplot2: Elegant Graphics for Data Analysis},
    publisher = {Springer-Verlag New York},
    year = {2009},
    isbn = {978-0-387-98140-6},
    url = {http://ggplot2.org}
 }

@article{yeo2000new,
  title={A new family of power transformations to improve normality or symmetry},
  author={Yeo, In-Kwon and Johnson, Richard A},
  journal={Biometrika},
  volume={87},
  number={4},
  pages={954--959},
  year={2000},
  publisher={Oxford University Press}
}

@book{gelmanHill,
  title={Data analysis using regression and multilevel/hierarchical models},
  author={Gelman, Andrew and Hill, Jennifer},
  year={2006},
  publisher={Cambridge university press}
}

@article{rubin2008objective,
	Author = {Rubin, Donald B.},
	Journal = {Annals of Applied Statistics},
	Number = {3},
	Pages = {808--40},
	Title = {{For objective causal inference, design trumps analysis}},
	Volume = {2},
	Year = {2008}}


@book{SEM,
  title={Structural equation modeling},
  author={Ullman, Jodie B and Bentler, Peter M},
  year={2003},
  publisher={Wiley Online Library}
}

@article{fisher1926arrangement,
  title={The arrangement of field experiments},
  author={Fisher, Ronald A},
  journal={Journal of the Ministry of Agriculture of Great Britain},
  volume={33},
  pages={503--513},
  year={1926}
}

@Manual{clubsandwich,
    title = {clubSandwich: Cluster-Robust (Sandwich) Variance Estimators with Small-Sample
Corrections},
    author = {James Pustejovsky},
    year = {2018},
    note = {R package version 0.3.2},
    url = {https://CRAN.R-project.org/package=clubSandwich},
  }

@article{sales2017mediation,
  title={mediation Package in R},
  author={Sales, Adam C},
  journal={Journal of Educational and Behavioral Statistics},
  volume={42},
  number={1},
  pages={69--84},
  year={2017},
  publisher={SAGE Publications Sage CA: Los Angeles, CA}
}

@article{rebar,
  title={Rebar: Reinforcing a matching estimator with predictions from high-dimensional covariates},
  author={Sales, Adam C and Hansen, Ben B and Rowan, Brian},
  journal={Journal of Educational and Behavioral Statistics},
  volume={43},
  number={1},
  pages={3--31},
  year={2018},
  publisher={SAGE Publications Sage CA: Los Angeles, CA}
}

@Article{covBal,
  author = {Ben B. Hansen and Jake Bowers},
  journal = {Statistical Science},
  number = {2},
  pages = {219--236},
  title = {Covariate balance in simple, stratified and clustered  comparative studies},
  volume = {23},
  year = {2008},
}

@book{rubinLittle,
  title={Statistical analysis with missing data},
  author={Little, Roderick JA and Rubin, Donald B},
  year={2014},
  publisher={John Wiley \& Sons}
}

@Manual{ritools,
  title = {RItools: Randomization Inference Tools (Development Version)},
  author = {Jake Bowers and Mark Fredrickson and Ben Hansen},
  note = {R package version 0.2-0},
  url = {https://github.com/markmfredrickson/RItools},
  year={2017}

}

@article{kalton1968standardization,
  title={Standardization: A technique to control for extraneous variables},
  author={Kalton, Graham},
  journal={Applied Statistics},
  pages={118--136},
  year={1968},
  publisher={JSTOR}
}

@article{randomForest,
  title={Random forests},
  author={Breiman, Leo},
  journal={Machine learning},
  volume={45},
  number={1},
  pages={5--32},
  year={2001},
  publisher={Springer}
}

@Article{lme4,
    title = {Fitting Linear Mixed-Effects Models Using {lme4}},
    author = {Douglas Bates and Martin M{\"a}chler and Ben Bolker and Steve Walker},
    journal = {Journal of Statistical Software},
    year = {2015},
    volume = {67},
    number = {1},
    pages = {1--48},
    doi = {10.18637/jss.v067.i01},
  }


@Article{missForest,
  title = {MissForest - non-parametric missing value imputation for mixed-type data},
  author = {Daniel J. Stekhoven and Peter Buehlmann},
  journal = {Bioinformatics},
  volume = {28},
  number = {1},
  pages = {112--118},
  year = {2012},
  publisher = {Oxford Univ Press},
}

@article{corbett1994knowledge,
  title={Knowledge tracing: Modeling the acquisition of procedural knowledge},
  author={Corbett, Albert T and Anderson, John R},
  journal={User modeling and user-adapted interaction},
  volume={4},
  number={4},
  pages={253--278},
  year={1994},
  publisher={Springer}
}

@article{jin2008principal,
  title={Principal stratification for causal inference with extended partial compliance},
  author={Jin, Hui and Rubin, Donald B},
  journal={Journal of the American Statistical Association},
  volume={103},
  number={481},
  pages={101--111},
  year={2008},
  publisher={Taylor \& Francis}
}

@article{schwartz2011bayesian,
  title={A Bayesian semiparametric approach to intermediate variables in causal inference},
  author={Schwartz, Scott L and Li, Fan and Mealli, Fabrizia},
  journal={Journal of the American Statistical Association},
  volume={106},
  number={496},
  pages={1331--1344},
  year={2011},
  publisher={Taylor \& Francis}
}

@article{rubin2000combining,
  title={Combining propensity score matching with additional adjustments for prognostic covariates},
  author={Rubin, Donald B and Thomas, Neal},
  journal={Journal of the American Statistical Association},
  volume={95},
  number={450},
  pages={573--585},
  year={2000},
  publisher={Taylor \& Francis Group}
}



@article{gallop2009mediation,
  title={Mediation analysis with principal stratification},
  author={Gallop, Robert and Small, Dylan S and Lin, Julia Y and Elliott, Michael R and Joffe, Marshall and Ten Have, Thomas R},
  journal={Statistics in medicine},
  volume={28},
  number={7},
  pages={1108--1130},
  year={2009},
  publisher={Wiley Online Library}
}

@Article{optmatch,
    author = {Ben B. Hansen and Stephanie Olsen Klopfer},
    title = {Optimal full matching and related designs via netwrk flows},
    keywords = {matched sampling, minimum cost flow, nonrandom treatment assignment, observational study, quasiexperiment, subclassification},
    journal = {Journal of Computational and Graphical Statistics},
    volume = {15},
    number = {3},
    pages = {609--627},
    year = {2006},
  }

@Misc{rstanarm,
    title = {rstanarm: {Bayesian} applied regression modeling via {Stan}.},
    author = {{Stan Development Team}},
    note = {R package version 2.13.1},
    year = {2016},
    url = {http://mc-stan.org/},
  }

@Misc{rstan,
    title = {{RStan}: the {R} interface to {Stan}},
    author = {{Stan Development Team}},
    note = {R package version 2.14.1},
    year = {2016},
    url = {http://mc-stan.org/},
  }



@article{elliott2010bayesian,
  title={Bayesian inference for causal mediation effects using principal stratification with dichotomous mediators and outcomes},
  author={Elliott, Michael R and Raghunathan, Trivellore E and Li, Yun},
  journal={Biostatistics},
  volume={11},
  number={2},
  pages={353--372},
  year={2010},
  publisher={Oxford University Press}
}

@article{boxcox,
  title={An analysis of transformations},
  author={Box, George EP and Cox, David R},
  journal={Journal of the Royal Statistical Society. Series B (Methodological)},
  pages={211--252},
  year={1964},
  publisher={JSTOR}
}

@inproceedings{singh2011feedback,
  title={Feedback during web-based homework: the role of hints},
  author={Singh, Ravi and Saleem, Muhammad and Pradhan, Prabodha and Heffernan, Cristina and Heffernan, Neil T and Razzaq, Leena and Dailey, Matthew D and O’Connor, Cristine and Mulcahy, Courtney},
  booktitle={International Conference on Artificial Intelligence in Education},
  pages={328--336},
  year={2011},
  organization={Springer}
}

@inproceedings{kehrer2013does,
  title={Does Immediate Feedback While Doing Homework Improve Learning?},
  author={Kehrer, Paul and Kelly, Kim M and Heffernan, Neil T},
  booktitle={FLAIRS Conference},
  year={2013}
}

@article{kulik1990effectiveness,
  title={Effectiveness of mastery learning programs: A meta-analysis},
  author={Kulik, Chen-Lin C and Kulik, James A and Bangert-Drowns, Robert L},
  journal={Review of educational research},
  volume={60},
  number={2},
  pages={265--299},
  year={1990},
  publisher={Sage Publications Sage CA: Thousand Oaks, CA}
}

@article{bloom1968learning,
  title={Learning for Mastery. Instruction and Curriculum. Regional Education Laboratory for the Carolinas and Virginia, Topical Papers and Reprints, Number 1.},
  author={Bloom, Benjamin S},
  journal={Evaluation comment},
  volume={1},
  number={2},
  pages={n2},
  year={1968},
  publisher={ERIC}
}

@article{anderson1985intelligent,
  title={Intelligent tutoring systems.},
  author={Anderson, John R and Boyle, C Franklin and Reiser, Brian J},
  journal={Science(Washington)},
  volume={228},
  number={4698},
  pages={456--462},
  year={1985}
}

@book{carroll2006measurement,
  title={Measurement error in nonlinear models: a modern perspective},
  author={Carroll, Raymond J and Ruppert, David and Stefanski, Leonard A and Crainiceanu, Ciprian M},
  year={2006},
  publisher={CRC press}
}